@article{hartigan1985dip,
  title={The dip test of unimodality},
  author={Hartigan, John A and Hartigan, PM},
  journal={The Annals of Statistics},
  pages={70--84},
  year={1985},
  publisher={JSTOR}
}

@article{litke,
author={A M Litke and N Bezayiff and E J Chichilnisky and W Cunningham and W Dabrowski and A A Grillo and M Grivich and P Grybos and P Hottowy and S Kachiguine and R S Kalmar and K Mathieson and D Petrusca D and M Rahman and A Sher},
year=2004,
title={What does the eye tell the brain? {D}evelopment of a system for the large scale recording of retinal output activity},
journal={IEEE Transactions on Nuclear Science},
volume=51,
number=4,
pages={1434--1440}
}

@article{Hill2011,
  title={Quality metrics to accompany spike sorting of extracellular signals},
  author={Hill, Daniel N and Mehta, Samar B and Kleinfeld, David},
  journal={The Journal of Neuroscience},
  volume={31},
  number={24},
  pages={8699--8705},
  year={2011},
  publisher={Soc Neuroscience}
}

@book{murphy,
author={Kevin P Murphy},
title={Machine learning: a probabilistic perspective},
year = 2012,
publisher={MIT Press}
}

@inproceedings{dbscan_dbp,
  title={A new scalable parallel {DBSCAN} algorithm using the disjoint-set data structure},
  author={Patwary, Mostofa and Palsetia, Diana and Agrawal, Ankit and Liao, Wei-keng and Manne, Fredrik and Choudhary, Alok},
  booktitle={Proceedings of the International Conference on High Performance Computing, Networking, Storage and Analysis (Supercomputing, SC12)},
  pages={1--11},
  year={2012},
  organization={IEEE}
}

@inproceedings{kmeanspp,
  title={k-means++: The advantages of careful seeding},
  author={Arthur, David and Vassilvitskii, Sergei},
  booktitle={Proceedings of the eighteenth annual ACM-SIAM symposium on Discrete algorithms},
  pages={1027--1035},
  year={2007},
  organization={Society for Industrial and Applied Mathematics}
}

@inproceedings{dbscan,
  title={A density-based algorithm for discovering clusters in large spatial databases with noise},
  author={Ester, Martin and Kriegel, Hans-Peter and Sander, J{\"o}rg and Xu, Xiaowei},
  booktitle={Proceedings of 2nd International Conference on Knowledge Discovery and Data Mining (KDD-96)},
  pages={226--231},
  year={1996},
  publisher={AAAI Press}
}
%  number={34},

@article{kmeans,
  title={Least squares quantization in {PCM}},
  author={Lloyd, Stuart P},
  journal={IEEE Transactions on Information Theory},
  volume={28},
  number={2},
  pages={129--137},
  year={1982},
  publisher={IEEE}
}

@article{em,
  title={Maximum likelihood from incomplete data via the {EM} algorithm},
  author={Dempster, Arthur P and Laird, Nan M and Rubin, Donald B},
  journal={Journal of the Royal Statistical Society. Series B (methodological)},
  pages={1--38},
  year={1977},
  publisher={JSTOR}
}

@book{mixturemodels,
  author={McLachlan, Geoffrey and Peel, David},
  title={Finite Mixture Models},
  year={2000},
  publisher={Wiley-Interscience}
}
 %chapter 8 is {Mixtures of factor analyzers},
%  pages={238--256},



@article{roberts1998bayesian,
  title={Bayesian approaches to {G}aussian mixture modeling},
  author={Roberts, Stephen J and Husmeier, Dirk and Rezek, Iead and Penny, William},
  journal={IEEE Transactions on Pattern Analysis and Machine Intelligence},
  volume={20},
  number={11},
  pages={1133--1142},
  year={1998},
  publisher={IEEE}
}

@article{pdfcluster,
  title={An advancement in clustering via nonparametric density estimation},
  author={Menardi, Giovanna and Azzalini, Adelchi},
  journal={Statistics and Computing},
  volume={24},
  number={5},
  pages={753--767},
  year={2014},
  publisher={Springer}
}

@article{pdfclusterR,
  title={Package {pdfCluster}: Cluster analysis via nonparametric density estimation},
  author={Azzalini, A and Menardi, GR},
  journal={J. Stat. Softw.},
  volume={11},
  pages={1--26},
  year={2014}
}

@book{pava,
  title={Order restricted statistical inference},
  author={Robertson, Tim and Wright, F T and Dykstra, Richard L},
  bookseries={Wiley Series in Probability and Statistics},
  year={1988},
  publisher={Wiley New York}
}

@Misc{kmeanspp_sorber,
  author =   {Laurent Sorber},
  title =    {Cluster multivariate data using the {k-means++} algorithm},
  howpublished = {MATLAB Central File Exchange},
  note={{\tt http://www.mathworks.com/matlabcentral/fileexchange/28804-k-means++}},
  year = {Retrieved June 2015}
}

@article{dbscan_dbd,
  title={Looking for natural patterns in analytical data. 2. Tracing local density with {OPTICS}},
  author={Daszykowski, Michael and Walczak, Beata and Massart, Desire L},
  journal={Journal of Chemical Information and Computer Sciences},
  volume={42},
  number={3},
  pages={500--507},
  year={2002},
  publisher={ACS Publications}
}

@article{tiganj,
  title={A non-parametric method for automatic neural spike clustering based on the non-uniform distribution of the data},
  author={Tiganj, Zoran and Mboup, Mamadou},
  journal={Journal of Neural Engineering},
  volume={8},
  number={6},
  pages={066014},
  year={2011},
  publisher={IOP Publishing}
}

@article{vargas,
  title={Automated spike sorting using density grid contour clustering and subtractive waveform decomposition},
  author={Vargas-Irwin, Carlos and Donoghue, John P},
  journal={Journal of Neuroscience Methods},
  volume={164},
  number={1},
  pages={1--18},
  year={2007},
  publisher={Elsevier}
}

@book{zaki-book,
  title={Data mining and analysis: fundamental concepts and algorithms},
  author={Zaki, Mohammed J and Meira Jr, Wagner},
  year={2014},
  publisher={Cambridge University Press}
}

@article{kernel-density-function-1,
  title={Remarks on some nonparametric estimates of a density function},
  author={Rosenblatt, Murray},
    journal={Ann. Math. Statist.},
  volume={27},
  number={3},
  pages={832--837},
  year={1956},
}
%  publisher={Institute of Mathematical Statistics}


@article{kernel-density-function-2,
  title={On estimation of a probability density function and mode},
  author={Parzen, Emanuel},
  journal={Ann. Math. Statist.},
  volume=33,
  number=3,
  pages={1065--1076},
  year={1962},
}

@book{silverman-density-estimation,
  title={Density estimation for statistics and data analysis},
  author={Silverman, Bernard W},
  volume={26},
  year={1986},
  publisher={CRC press}
}

@article{BIC,
  title={Estimating the dimension of a model},
  author={Schwarz, Gideon},
  journal={Ann. Statist.},
  volume={6},
  number={2},
  pages={461--464},
  year={1978},
}
%  publisher={Institute of Mathematical Statistics}


@article{mean-shift,
  title={Mean shift, mode seeking, and clustering},
  author={Cheng, Yizong},
  journal={Pattern Analysis and Machine Intelligence, IEEE Transactions on},
  volume={17},
  number={8},
  pages={790--799},
  year={1995},
  publisher={IEEE}
}

@article{rodriguez-clustering,
  title={Clustering by fast search and find of density peaks},
  author={Rodriguez, Alex and Laio, Alessandro},
  journal={Science},
  volume={344},
  number={6191},
  pages={1492--1496},
  year={2014},
  publisher={American Association for the Advancement of Science}
}

@article{ellipsoid-distance,
  title={On the distance between two ellipsoids},
  author={Lin, Anhua and Han, Shih-Ping},
  journal={SIAM Journal on Optimization},
  volume={13},
  number={1},
  pages={298--308},
  year={2002},
  publisher={SIAM}
}

@misc{vlfeat,
 Author = {A. Vedaldi and B. Fulkerson},
 Title = {{VLFeat}: An Open and Portable Library
          of Computer Vision Algorithms},
 Year  = {2008},
 Howpublished = {{\tt http://www.vlfeat.org}}
}
 
 
 
